%YAML 1.1
%TAG !u! tag:unity3d.com,2011:
--- !u!1 &113811383920466840
GameObject:
  m_ObjectHideFlags: 0
  m_CorrespondingSourceObject: {fileID: 0}
  m_PrefabInstance: {fileID: 0}
  m_PrefabAsset: {fileID: 0}
  serializedVersion: 6
  m_Component:
  - component: {fileID: 3225711700469997432}
  m_Layer: 0
  m_Name: floor 1
  m_TagString: Untagged
  m_Icon: {fileID: 0}
  m_NavMeshLayer: 0
  m_StaticEditorFlags: 0
  m_IsActive: 1
--- !u!4 &3225711700469997432
Transform:
  m_ObjectHideFlags: 0
  m_CorrespondingSourceObject: {fileID: 0}
  m_PrefabInstance: {fileID: 0}
  m_PrefabAsset: {fileID: 0}
  m_GameObject: {fileID: 113811383920466840}
  m_LocalRotation: {x: 0, y: 0, z: 0, w: 1}
  m_LocalPosition: {x: 0.66392744, y: -0.074674964, z: 0.08487267}
  m_LocalScale: {x: 1, y: 1, z: 1}
  m_Children:
  - {fileID: 702058591366924825}
  - {fileID: 7979334192525199094}
  - {fileID: 2967967849515098282}
  - {fileID: 5947480654390039921}
  - {fileID: 2447106360010271001}
  - {fileID: 7474601275466569182}
  m_Father: {fileID: 0}
  m_RootOrder: 0
  m_LocalEulerAnglesHint: {x: 0, y: 0, z: 0}
--- !u!1001 &473416329555620246
PrefabInstance:
  m_ObjectHideFlags: 0
  serializedVersion: 2
  m_Modification:
    m_TransformParent: {fileID: 3225711700469997432}
    m_Modifications:
    - target: {fileID: 7506835989606692704, guid: 015753c8d0744ae4ea879d5995b560bb,
        type: 3}
      propertyPath: m_LocalPosition.x
      value: -0.7
      objectReference: {fileID: 0}
    - target: {fileID: 7506835989606692704, guid: 015753c8d0744ae4ea879d5995b560bb,
        type: 3}
      propertyPath: m_LocalPosition.y
      value: 6
      objectReference: {fileID: 0}
    - target: {fileID: 7506835989606692704, guid: 015753c8d0744ae4ea879d5995b560bb,
        type: 3}
      propertyPath: m_LocalPosition.z
      value: 0
      objectReference: {fileID: 0}
    - target: {fileID: 7506835989606692704, guid: 015753c8d0744ae4ea879d5995b560bb,
        type: 3}
      propertyPath: m_LocalRotation.x
      value: -0
      objectReference: {fileID: 0}
    - target: {fileID: 7506835989606692704, guid: 015753c8d0744ae4ea879d5995b560bb,
        type: 3}
      propertyPath: m_LocalRotation.y
      value: -0
      objectReference: {fileID: 0}
    - target: {fileID: 7506835989606692704, guid: 015753c8d0744ae4ea879d5995b560bb,
        type: 3}
      propertyPath: m_LocalRotation.z
      value: -0
      objectReference: {fileID: 0}
    - target: {fileID: 7506835989606692704, guid: 015753c8d0744ae4ea879d5995b560bb,
        type: 3}
      propertyPath: m_LocalRotation.w
      value: 1
      objectReference: {fileID: 0}
    - target: {fileID: 7506835989606692704, guid: 015753c8d0744ae4ea879d5995b560bb,
        type: 3}
      propertyPath: m_RootOrder
      value: 1
      objectReference: {fileID: 0}
    - target: {fileID: 7506835989606692704, guid: 015753c8d0744ae4ea879d5995b560bb,
        type: 3}
      propertyPath: m_LocalEulerAnglesHint.x
      value: 0
      objectReference: {fileID: 0}
    - target: {fileID: 7506835989606692704, guid: 015753c8d0744ae4ea879d5995b560bb,
        type: 3}
      propertyPath: m_LocalEulerAnglesHint.y
      value: 0
      objectReference: {fileID: 0}
    - target: {fileID: 7506835989606692704, guid: 015753c8d0744ae4ea879d5995b560bb,
        type: 3}
      propertyPath: m_LocalEulerAnglesHint.z
      value: 0
      objectReference: {fileID: 0}
    - target: {fileID: 7506835989606692704, guid: 015753c8d0744ae4ea879d5995b560bb,
        type: 3}
      propertyPath: m_LocalScale.x
      value: 23.872702
      objectReference: {fileID: 0}
    - target: {fileID: 7506835989606692705, guid: 015753c8d0744ae4ea879d5995b560bb,
        type: 3}
      propertyPath: m_IsTrigger
      value: 0
      objectReference: {fileID: 0}
    - target: {fileID: 7506835989606692710, guid: 015753c8d0744ae4ea879d5995b560bb,
        type: 3}
      propertyPath: m_Name
      value: floor (1)
      objectReference: {fileID: 0}
    - target: {fileID: 7506835989606692710, guid: 015753c8d0744ae4ea879d5995b560bb,
        type: 3}
      propertyPath: m_TagString
      value: Floor
      objectReference: {fileID: 0}
    - target: {fileID: 7506835989606692711, guid: 015753c8d0744ae4ea879d5995b560bb,
        type: 3}
      propertyPath: m_Color.r
      value: 0.7921569
      objectReference: {fileID: 0}
    - target: {fileID: 7506835989606692711, guid: 015753c8d0744ae4ea879d5995b560bb,
        type: 3}
      propertyPath: m_Color.g
      value: 0.24313726
      objectReference: {fileID: 0}
    - target: {fileID: 7506835989606692711, guid: 015753c8d0744ae4ea879d5995b560bb,
        type: 3}
      propertyPath: m_Color.b
      value: 0.24313726
      objectReference: {fileID: 0}
    - target: {fileID: 7506835989606692711, guid: 015753c8d0744ae4ea879d5995b560bb,
        type: 3}
      propertyPath: m_Color.a
      value: 1
      objectReference: {fileID: 0}
    m_RemovedComponents: []
  m_SourcePrefab: {fileID: 100100000, guid: 015753c8d0744ae4ea879d5995b560bb, type: 3}
--- !u!4 &7979334192525199094 stripped
Transform:
  m_CorrespondingSourceObject: {fileID: 7506835989606692704, guid: 015753c8d0744ae4ea879d5995b560bb,
    type: 3}
  m_PrefabInstance: {fileID: 473416329555620246}
  m_PrefabAsset: {fileID: 0}
--- !u!1001 &1123293846420202174
PrefabInstance:
  m_ObjectHideFlags: 0
  serializedVersion: 2
  m_Modification:
    m_TransformParent: {fileID: 3225711700469997432}
    m_Modifications:
    - target: {fileID: 7506835989606692704, guid: 015753c8d0744ae4ea879d5995b560bb,
        type: 3}
      propertyPath: m_LocalPosition.x
      value: -1.32
      objectReference: {fileID: 0}
    - target: {fileID: 7506835989606692704, guid: 015753c8d0744ae4ea879d5995b560bb,
        type: 3}
      propertyPath: m_LocalPosition.y
      value: -5.74
      objectReference: {fileID: 0}
    - target: {fileID: 7506835989606692704, guid: 015753c8d0744ae4ea879d5995b560bb,
        type: 3}
      propertyPath: m_LocalPosition.z
      value: -0.08487267
      objectReference: {fileID: 0}
    - target: {fileID: 7506835989606692704, guid: 015753c8d0744ae4ea879d5995b560bb,
        type: 3}
      propertyPath: m_LocalRotation.x
      value: -0
      objectReference: {fileID: 0}
    - target: {fileID: 7506835989606692704, guid: 015753c8d0744ae4ea879d5995b560bb,
        type: 3}
      propertyPath: m_LocalRotation.y
      value: -0
      objectReference: {fileID: 0}
    - target: {fileID: 7506835989606692704, guid: 015753c8d0744ae4ea879d5995b560bb,
        type: 3}
      propertyPath: m_LocalRotation.z
      value: -0
      objectReference: {fileID: 0}
    - target: {fileID: 7506835989606692704, guid: 015753c8d0744ae4ea879d5995b560bb,
        type: 3}
      propertyPath: m_LocalRotation.w
      value: 1
      objectReference: {fileID: 0}
    - target: {fileID: 7506835989606692704, guid: 015753c8d0744ae4ea879d5995b560bb,
        type: 3}
      propertyPath: m_RootOrder
      value: 5
      objectReference: {fileID: 0}
    - target: {fileID: 7506835989606692704, guid: 015753c8d0744ae4ea879d5995b560bb,
        type: 3}
      propertyPath: m_LocalEulerAnglesHint.x
      value: 0
      objectReference: {fileID: 0}
    - target: {fileID: 7506835989606692704, guid: 015753c8d0744ae4ea879d5995b560bb,
        type: 3}
      propertyPath: m_LocalEulerAnglesHint.y
      value: 0
      objectReference: {fileID: 0}
    - target: {fileID: 7506835989606692704, guid: 015753c8d0744ae4ea879d5995b560bb,
        type: 3}
      propertyPath: m_LocalEulerAnglesHint.z
      value: 0
      objectReference: {fileID: 0}
    - target: {fileID: 7506835989606692704, guid: 015753c8d0744ae4ea879d5995b560bb,
        type: 3}
      propertyPath: m_LocalScale.x
      value: 25
      objectReference: {fileID: 0}
    - target: {fileID: 7506835989606692705, guid: 015753c8d0744ae4ea879d5995b560bb,
        type: 3}
      propertyPath: m_IsTrigger
      value: 1
      objectReference: {fileID: 0}
    - target: {fileID: 7506835989606692710, guid: 015753c8d0744ae4ea879d5995b560bb,
        type: 3}
      propertyPath: m_Name
      value: floor (5)
      objectReference: {fileID: 0}
    - target: {fileID: 7506835989606692710, guid: 015753c8d0744ae4ea879d5995b560bb,
        type: 3}
      propertyPath: m_TagString
      value: OffBounds
      objectReference: {fileID: 0}
    m_RemovedComponents: []
  m_SourcePrefab: {fileID: 100100000, guid: 015753c8d0744ae4ea879d5995b560bb, type: 3}
--- !u!4 &7474601275466569182 stripped
Transform:
  m_CorrespondingSourceObject: {fileID: 7506835989606692704, guid: 015753c8d0744ae4ea879d5995b560bb,
    type: 3}
  m_PrefabInstance: {fileID: 1123293846420202174}
  m_PrefabAsset: {fileID: 0}
--- !u!1001 &4225521779251274257
PrefabInstance:
  m_ObjectHideFlags: 0
  serializedVersion: 2
  m_Modification:
    m_TransformParent: {fileID: 3225711700469997432}
    m_Modifications:
    - target: {fileID: 7506835989606692704, guid: 015753c8d0744ae4ea879d5995b560bb,
        type: 3}
      propertyPath: m_LocalPosition.x
      value: 10.45
      objectReference: {fileID: 0}
    - target: {fileID: 7506835989606692704, guid: 015753c8d0744ae4ea879d5995b560bb,
        type: 3}
      propertyPath: m_LocalPosition.y
      value: 0.63
      objectReference: {fileID: 0}
    - target: {fileID: 7506835989606692704, guid: 015753c8d0744ae4ea879d5995b560bb,
        type: 3}
      propertyPath: m_LocalPosition.z
      value: 0
      objectReference: {fileID: 0}
    - target: {fileID: 7506835989606692704, guid: 015753c8d0744ae4ea879d5995b560bb,
        type: 3}
      propertyPath: m_LocalRotation.x
      value: 0
      objectReference: {fileID: 0}
    - target: {fileID: 7506835989606692704, guid: 015753c8d0744ae4ea879d5995b560bb,
        type: 3}
      propertyPath: m_LocalRotation.y
      value: 0
      objectReference: {fileID: 0}
    - target: {fileID: 7506835989606692704, guid: 015753c8d0744ae4ea879d5995b560bb,
        type: 3}
      propertyPath: m_LocalRotation.z
      value: 0.7071068
      objectReference: {fileID: 0}
    - target: {fileID: 7506835989606692704, guid: 015753c8d0744ae4ea879d5995b560bb,
        type: 3}
      propertyPath: m_LocalRotation.w
      value: 0.7071068
      objectReference: {fileID: 0}
    - target: {fileID: 7506835989606692704, guid: 015753c8d0744ae4ea879d5995b560bb,
        type: 3}
      propertyPath: m_RootOrder
      value: 3
      objectReference: {fileID: 0}
    - target: {fileID: 7506835989606692704, guid: 015753c8d0744ae4ea879d5995b560bb,
        type: 3}
      propertyPath: m_LocalEulerAnglesHint.x
      value: 0
      objectReference: {fileID: 0}
    - target: {fileID: 7506835989606692704, guid: 015753c8d0744ae4ea879d5995b560bb,
        type: 3}
      propertyPath: m_LocalEulerAnglesHint.y
      value: 0
      objectReference: {fileID: 0}
    - target: {fileID: 7506835989606692704, guid: 015753c8d0744ae4ea879d5995b560bb,
        type: 3}
      propertyPath: m_LocalEulerAnglesHint.z
      value: 90
      objectReference: {fileID: 0}
    - target: {fileID: 7506835989606692704, guid: 015753c8d0744ae4ea879d5995b560bb,
        type: 3}
      propertyPath: m_LocalScale.x
      value: 10
      objectReference: {fileID: 0}
    - target: {fileID: 7506835989606692705, guid: 015753c8d0744ae4ea879d5995b560bb,
        type: 3}
      propertyPath: m_IsTrigger
      value: 0
      objectReference: {fileID: 0}
    - target: {fileID: 7506835989606692710, guid: 015753c8d0744ae4ea879d5995b560bb,
        type: 3}
      propertyPath: m_Name
      value: floor (3)
      objectReference: {fileID: 0}
    - target: {fileID: 7506835989606692710, guid: 015753c8d0744ae4ea879d5995b560bb,
        type: 3}
      propertyPath: m_TagString
      value: OffBounds
      objectReference: {fileID: 0}
    - target: {fileID: 7506835989606692711, guid: 015753c8d0744ae4ea879d5995b560bb,
        type: 3}
      propertyPath: m_Color.r
      value: 0.7921569
      objectReference: {fileID: 0}
    - target: {fileID: 7506835989606692711, guid: 015753c8d0744ae4ea879d5995b560bb,
        type: 3}
      propertyPath: m_Color.g
      value: 0.24313726
      objectReference: {fileID: 0}
    - target: {fileID: 7506835989606692711, guid: 015753c8d0744ae4ea879d5995b560bb,
        type: 3}
      propertyPath: m_Color.b
      value: 0.24313726
      objectReference: {fileID: 0}
    - target: {fileID: 7506835989606692711, guid: 015753c8d0744ae4ea879d5995b560bb,
        type: 3}
      propertyPath: m_Color.a
      value: 1
      objectReference: {fileID: 0}
    m_RemovedComponents: []
  m_SourcePrefab: {fileID: 100100000, guid: 015753c8d0744ae4ea879d5995b560bb, type: 3}
--- !u!4 &5947480654390039921 stripped
Transform:
  m_CorrespondingSourceObject: {fileID: 7506835989606692704, guid: 015753c8d0744ae4ea879d5995b560bb,
    type: 3}
  m_PrefabInstance: {fileID: 4225521779251274257}
  m_PrefabAsset: {fileID: 0}
--- !u!1001 &4692175251688085450
PrefabInstance:
  m_ObjectHideFlags: 0
  serializedVersion: 2
  m_Modification:
    m_TransformParent: {fileID: 3225711700469997432}
    m_Modifications:
    - target: {fileID: 7506835989606692704, guid: 015753c8d0744ae4ea879d5995b560bb,
        type: 3}
      propertyPath: m_LocalPosition.x
      value: -13.43
      objectReference: {fileID: 0}
    - target: {fileID: 7506835989606692704, guid: 015753c8d0744ae4ea879d5995b560bb,
        type: 3}
      propertyPath: m_LocalPosition.y
      value: 0.63
      objectReference: {fileID: 0}
    - target: {fileID: 7506835989606692704, guid: 015753c8d0744ae4ea879d5995b560bb,
        type: 3}
      propertyPath: m_LocalPosition.z
      value: 0
      objectReference: {fileID: 0}
    - target: {fileID: 7506835989606692704, guid: 015753c8d0744ae4ea879d5995b560bb,
        type: 3}
      propertyPath: m_LocalRotation.x
      value: 0
      objectReference: {fileID: 0}
    - target: {fileID: 7506835989606692704, guid: 015753c8d0744ae4ea879d5995b560bb,
        type: 3}
      propertyPath: m_LocalRotation.y
      value: 0
      objectReference: {fileID: 0}
    - target: {fileID: 7506835989606692704, guid: 015753c8d0744ae4ea879d5995b560bb,
        type: 3}
      propertyPath: m_LocalRotation.z
      value: 0.7071068
      objectReference: {fileID: 0}
    - target: {fileID: 7506835989606692704, guid: 015753c8d0744ae4ea879d5995b560bb,
        type: 3}
      propertyPath: m_LocalRotation.w
      value: 0.7071068
      objectReference: {fileID: 0}
    - target: {fileID: 7506835989606692704, guid: 015753c8d0744ae4ea879d5995b560bb,
        type: 3}
      propertyPath: m_RootOrder
      value: 2
      objectReference: {fileID: 0}
    - target: {fileID: 7506835989606692704, guid: 015753c8d0744ae4ea879d5995b560bb,
        type: 3}
      propertyPath: m_LocalEulerAnglesHint.x
      value: 0
      objectReference: {fileID: 0}
    - target: {fileID: 7506835989606692704, guid: 015753c8d0744ae4ea879d5995b560bb,
        type: 3}
      propertyPath: m_LocalEulerAnglesHint.y
      value: 0
      objectReference: {fileID: 0}
    - target: {fileID: 7506835989606692704, guid: 015753c8d0744ae4ea879d5995b560bb,
        type: 3}
      propertyPath: m_LocalEulerAnglesHint.z
      value: 90
      objectReference: {fileID: 0}
    - target: {fileID: 7506835989606692704, guid: 015753c8d0744ae4ea879d5995b560bb,
        type: 3}
      propertyPath: m_LocalScale.x
      value: 12
      objectReference: {fileID: 0}
    - target: {fileID: 7506835989606692705, guid: 015753c8d0744ae4ea879d5995b560bb,
        type: 3}
      propertyPath: m_IsTrigger
      value: 0
      objectReference: {fileID: 0}
    - target: {fileID: 7506835989606692710, guid: 015753c8d0744ae4ea879d5995b560bb,
        type: 3}
      propertyPath: m_Name
      value: floor (2)
      objectReference: {fileID: 0}
    - target: {fileID: 7506835989606692710, guid: 015753c8d0744ae4ea879d5995b560bb,
        type: 3}
      propertyPath: m_TagString
      value: OffBounds
      objectReference: {fileID: 0}
    - target: {fileID: 7506835989606692711, guid: 015753c8d0744ae4ea879d5995b560bb,
        type: 3}
      propertyPath: m_Color.r
      value: 0.7921569
      objectReference: {fileID: 0}
    - target: {fileID: 7506835989606692711, guid: 015753c8d0744ae4ea879d5995b560bb,
        type: 3}
      propertyPath: m_Color.g
      value: 0.24313726
      objectReference: {fileID: 0}
    - target: {fileID: 7506835989606692711, guid: 015753c8d0744ae4ea879d5995b560bb,
        type: 3}
      propertyPath: m_Color.b
      value: 0.24313726
      objectReference: {fileID: 0}
    - target: {fileID: 7506835989606692711, guid: 015753c8d0744ae4ea879d5995b560bb,
        type: 3}
      propertyPath: m_Color.a
      value: 1
      objectReference: {fileID: 0}
    m_RemovedComponents: []
  m_SourcePrefab: {fileID: 100100000, guid: 015753c8d0744ae4ea879d5995b560bb, type: 3}
--- !u!4 &2967967849515098282 stripped
Transform:
  m_CorrespondingSourceObject: {fileID: 7506835989606692704, guid: 015753c8d0744ae4ea879d5995b560bb,
    type: 3}
  m_PrefabInstance: {fileID: 4692175251688085450}
  m_PrefabAsset: {fileID: 0}
--- !u!1001 &5321141273382166137
PrefabInstance:
  m_ObjectHideFlags: 0
  serializedVersion: 2
  m_Modification:
    m_TransformParent: {fileID: 3225711700469997432}
    m_Modifications:
    - target: {fileID: 7506835989606692704, guid: 015753c8d0744ae4ea879d5995b560bb,
        type: 3}
      propertyPath: m_LocalPosition.x
      value: -1.32
      objectReference: {fileID: 0}
    - target: {fileID: 7506835989606692704, guid: 015753c8d0744ae4ea879d5995b560bb,
        type: 3}
      propertyPath: m_LocalPosition.y
      value: 6.36
      objectReference: {fileID: 0}
    - target: {fileID: 7506835989606692704, guid: 015753c8d0744ae4ea879d5995b560bb,
        type: 3}
      propertyPath: m_LocalPosition.z
      value: -0.08487267
      objectReference: {fileID: 0}
    - target: {fileID: 7506835989606692704, guid: 015753c8d0744ae4ea879d5995b560bb,
        type: 3}
      propertyPath: m_LocalRotation.x
      value: -0
      objectReference: {fileID: 0}
    - target: {fileID: 7506835989606692704, guid: 015753c8d0744ae4ea879d5995b560bb,
        type: 3}
      propertyPath: m_LocalRotation.y
      value: -0
      objectReference: {fileID: 0}
    - target: {fileID: 7506835989606692704, guid: 015753c8d0744ae4ea879d5995b560bb,
        type: 3}
      propertyPath: m_LocalRotation.z
      value: -0
      objectReference: {fileID: 0}
    - target: {fileID: 7506835989606692704, guid: 015753c8d0744ae4ea879d5995b560bb,
        type: 3}
      propertyPath: m_LocalRotation.w
      value: 1
      objectReference: {fileID: 0}
    - target: {fileID: 7506835989606692704, guid: 015753c8d0744ae4ea879d5995b560bb,
        type: 3}
      propertyPath: m_RootOrder
      value: 4
      objectReference: {fileID: 0}
    - target: {fileID: 7506835989606692704, guid: 015753c8d0744ae4ea879d5995b560bb,
        type: 3}
      propertyPath: m_LocalEulerAnglesHint.x
      value: 0
      objectReference: {fileID: 0}
    - target: {fileID: 7506835989606692704, guid: 015753c8d0744ae4ea879d5995b560bb,
        type: 3}
      propertyPath: m_LocalEulerAnglesHint.y
      value: 0
      objectReference: {fileID: 0}
    - target: {fileID: 7506835989606692704, guid: 015753c8d0744ae4ea879d5995b560bb,
        type: 3}
      propertyPath: m_LocalEulerAnglesHint.z
      value: 0
      objectReference: {fileID: 0}
    - target: {fileID: 7506835989606692704, guid: 015753c8d0744ae4ea879d5995b560bb,
        type: 3}
      propertyPath: m_LocalScale.x
      value: 25
      objectReference: {fileID: 0}
    - target: {fileID: 7506835989606692705, guid: 015753c8d0744ae4ea879d5995b560bb,
        type: 3}
      propertyPath: m_IsTrigger
      value: 1
      objectReference: {fileID: 0}
    - target: {fileID: 7506835989606692710, guid: 015753c8d0744ae4ea879d5995b560bb,
        type: 3}
      propertyPath: m_Name
      value: floor (4)
      objectReference: {fileID: 0}
    - target: {fileID: 7506835989606692710, guid: 015753c8d0744ae4ea879d5995b560bb,
        type: 3}
      propertyPath: m_TagString
      value: OffBounds
      objectReference: {fileID: 0}
    m_RemovedComponents: []
  m_SourcePrefab: {fileID: 100100000, guid: 015753c8d0744ae4ea879d5995b560bb, type: 3}
--- !u!4 &2447106360010271001 stripped
Transform:
  m_CorrespondingSourceObject: {fileID: 7506835989606692704, guid: 015753c8d0744ae4ea879d5995b560bb,
    type: 3}
  m_PrefabInstance: {fileID: 5321141273382166137}
  m_PrefabAsset: {fileID: 0}
--- !u!1001 &7031127403471584633
PrefabInstance:
  m_ObjectHideFlags: 0
  serializedVersion: 2
  m_Modification:
    m_TransformParent: {fileID: 3225711700469997432}
    m_Modifications:
    - target: {fileID: 7506835989606692704, guid: 015753c8d0744ae4ea879d5995b560bb,
        type: 3}
      propertyPath: m_LocalPosition.x
      value: -0.7
      objectReference: {fileID: 0}
    - target: {fileID: 7506835989606692704, guid: 015753c8d0744ae4ea879d5995b560bb,
        type: 3}
      propertyPath: m_LocalPosition.y
      value: -5
      objectReference: {fileID: 0}
    - target: {fileID: 7506835989606692704, guid: 015753c8d0744ae4ea879d5995b560bb,
        type: 3}
      propertyPath: m_LocalPosition.z
      value: 0
      objectReference: {fileID: 0}
    - target: {fileID: 7506835989606692704, guid: 015753c8d0744ae4ea879d5995b560bb,
        type: 3}
      propertyPath: m_LocalRotation.x
      value: -0
      objectReference: {fileID: 0}
    - target: {fileID: 7506835989606692704, guid: 015753c8d0744ae4ea879d5995b560bb,
        type: 3}
      propertyPath: m_LocalRotation.y
      value: -0
      objectReference: {fileID: 0}
    - target: {fileID: 7506835989606692704, guid: 015753c8d0744ae4ea879d5995b560bb,
        type: 3}
      propertyPath: m_LocalRotation.z
      value: -0
      objectReference: {fileID: 0}
    - target: {fileID: 7506835989606692704, guid: 015753c8d0744ae4ea879d5995b560bb,
        type: 3}
      propertyPath: m_LocalRotation.w
      value: 1
      objectReference: {fileID: 0}
    - target: {fileID: 7506835989606692704, guid: 015753c8d0744ae4ea879d5995b560bb,
        type: 3}
      propertyPath: m_RootOrder
      value: 0
      objectReference: {fileID: 0}
    - target: {fileID: 7506835989606692704, guid: 015753c8d0744ae4ea879d5995b560bb,
        type: 3}
      propertyPath: m_LocalEulerAnglesHint.x
      value: 0
      objectReference: {fileID: 0}
    - target: {fileID: 7506835989606692704, guid: 015753c8d0744ae4ea879d5995b560bb,
        type: 3}
      propertyPath: m_LocalEulerAnglesHint.y
      value: 0
      objectReference: {fileID: 0}
    - target: {fileID: 7506835989606692704, guid: 015753c8d0744ae4ea879d5995b560bb,
        type: 3}
      propertyPath: m_LocalEulerAnglesHint.z
      value: 0
      objectReference: {fileID: 0}
    - target: {fileID: 7506835989606692704, guid: 015753c8d0744ae4ea879d5995b560bb,
        type: 3}
      propertyPath: m_LocalScale.x
      value: 23.8727
      objectReference: {fileID: 0}
    - target: {fileID: 7506835989606692705, guid: 015753c8d0744ae4ea879d5995b560bb,
        type: 3}
      propertyPath: m_IsTrigger
      value: 0
      objectReference: {fileID: 0}
    - target: {fileID: 7506835989606692710, guid: 015753c8d0744ae4ea879d5995b560bb,
        type: 3}
      propertyPath: m_Name
      value: floor
      objectReference: {fileID: 0}
    - target: {fileID: 7506835989606692710, guid: 015753c8d0744ae4ea879d5995b560bb,
        type: 3}
      propertyPath: m_TagString
      value: Floor
      objectReference: {fileID: 0}
    - target: {fileID: 7506835989606692711, guid: 015753c8d0744ae4ea879d5995b560bb,
        type: 3}
      propertyPath: m_Color.r
      value: 0.7921569
      objectReference: {fileID: 0}
    - target: {fileID: 7506835989606692711, guid: 015753c8d0744ae4ea879d5995b560bb,
        type: 3}
      propertyPath: m_Color.g
      value: 0.24313726
      objectReference: {fileID: 0}
    - target: {fileID: 7506835989606692711, guid: 015753c8d0744ae4ea879d5995b560bb,
        type: 3}
      propertyPath: m_Color.b
      value: 0.24313726
      objectReference: {fileID: 0}
    - target: {fileID: 7506835989606692711, guid: 015753c8d0744ae4ea879d5995b560bb,
        type: 3}
      propertyPath: m_Color.a
      value: 1
      objectReference: {fileID: 0}
    m_RemovedComponents: []
  m_SourcePrefab: {fileID: 100100000, guid: 015753c8d0744ae4ea879d5995b560bb, type: 3}
--- !u!4 &702058591366924825 stripped
Transform:
  m_CorrespondingSourceObject: {fileID: 7506835989606692704, guid: 015753c8d0744ae4ea879d5995b560bb,
    type: 3}
  m_PrefabInstance: {fileID: 7031127403471584633}
  m_PrefabAsset: {fileID: 0}
